@article { SkewHeap,
	title = {Self-Adjusting Heaps},
	volume = {15},
	DOI = {10.1137=0215004},
	number={1},
	journal={SIAM Journal on Computing},
	author={Sleator, Daniel Dominic and Tarjan, Robert Endre},
	year = {1986},
	pages = {52-69}
}

@article { PairingHeap,
	title = {The Pairing Heap: A New Form of Self-Adjusting Heap},
	volume = {1},
	number= {1-4},
	DOI = {10.1007=BF01840439},
	journal = {Algorithmica},
	url = {https://doi.org/10.1007/bf01840439},
	author = {Michael L. Fredman and Robert Sedgewick and Daniel D. Sleator and Robert E. Tarjan}
}

@book { CormenDijsktra,
	place={Massachusetts Institute of Technology}, 
	publisher={Massachusetts Institute of Technology},
	title={Introduction to algorithms, 3rd edition},
	author={Cormen, Thomas H. and Leiserson, Charles E.},
	year={2009},
	pages=658-664
	ISBN = {978-0-262-03384-8}
}

@book{ SedgewickLabyrinth, 
	place={Upper Saddle River, NJ}, 
	title={Algorithms}, 
	publisher={Addison-Wesley},
	pages=386, 
	author={Sedgewick, Robert}, 
	year={1983}
}

@Inbook{ Pajek,
	author="Batagelj, Vladimir
	and Mrvar, Andrej",
	editor="Alhajj, Reda
	and Rokne, Jon",
	title="Pajek",
	bookTitle="Encyclopedia of Social Network Analysis and Mining",
	year="2014",
	publisher="Springer New York",
	address="New York, NY",
	pages="1245--1256",
	isbn="978-1-4614-6170-8",
	doi="10.1007/978-1-4614-6170-8_310",
	url="https://doi.org/10.1007/978-1-4614-6170-8_310"
}

@inproceedings{ FibonacciHeap,
        doi = {10.1109/sfcs.1984.715934},
        url = {https://doi.org/10.1109%2Fsfcs.1984.715934},
        publisher = {{IEEE}},
        author = {M.L. Fredman and R.E. Tarjan},
        title = {Fibonacci Heaps And Their Uses In Improved Network Optimization Algorithms},
        booktitle = {25th Annual Symposium {onFoundations} of Computer Science, 1984.}
}
% curl -LH "Accept: application/x-bibtex" https://doi.org/10.5555/12345678